@book{Abril2007,
  author = {Gonzalo Abril},
  title = {Análisis crítico de textos visuales. Mirar lo que nos mira},
  publisher = {Editorial Síntesis},
  year = {2007}
}

@book{Ahumada2013,
author = {Ahumada, Juan Camilo. and Rodríguez, Rodrigo, and Hernández, Álvaro.},
address = {Bogotá},
keywords = {Teatro colombiano},
language = {spa},
publisher = {Instituto Distrital de las Artes, IDARTES,},
series = {Teatro en Estudio},
title = {Selección de dramaturgia 2013.},
year = {2013},
}



@book{Aliaga2022,
  editor = {Francisco Aliaga Sáez},
  title = {INVESTIGACIÓN SENSIBLE Metodologías para el estudio de imaginarios y representaciones sociales},
  publisher = {Universidad Santo Tomás},
  year = {2022},
  url = {https://repository.usta.edu.co/handle/11634/46328}
}

@book{Benjamin2004,
  author = {Walter Benjamin},
  title = {El autor como productor},
  publisher = {Itaca},
  year = {2004}
}

@book{BuckMorss1989,
  author = {Susan Buck-Morss},
  title = {Dialéctica de la mirada. Walter Benjamin y el proyecto de los Pasajes},
  translator = {Nuria Rabotnikof},
  publisher = {Gráficas Rogar, S.A.},
  year = {1989}
}

@book{Capra1998,
author = {Capra, Fritjof, and Sempau, David},
address = {Barcelona},
booktitle = {La trama de la vida :  una nueva perspectiva de los sistemas vivos /},
edition = {2a. ed.},
isbn = {8433905546},
keywords = {Sistemas biológicos ; Ecología ; Teoría de sistemas ; Biología ; Dinámica de redes},
language = {spa},
publisher = {Editorial Anagrama,},
series = {Colección argumentos ;  204},
title = {La trama de la vida : una nueva perspectiva de los sistemas vivos / Fritjof Capra ; traducción de David Sempau.},
year = {1999},
}

@article{Castiblanco2017,
abstract = {The San Juan de Dios Hospital in Bogota was shut down in 2001, but its workers have rescued the place as a symbol of struggle and resistance, thanks to their demonstrations mediated by emotions, the re-significations of the surroundings, the work of caretaking and the struggle entailed in their everyday practice. This article, which is the product of an ethnographic study, indicates and analyses the reasons why the hospital was closed, the motives and objectives of the workers’ struggle, and above all else, it highlights the importance of emotions in the development of their resistance movement, to show the relevance of emotions in socio-political movements, which is the purpose of this text.},
author = {Stephanie Castiblanco Molina},
issn = {0123-885X},
journal = {Revista de estudios sociales (Bogotá, Colombia)},
keywords = {Emotions ; Health Equity},
language = {eng},
pages = {102-113},
publisher = {Universidad de los Andes},
title = {El hospital enfermo: análisis de la lucha de los trabajadores del Hospital San Juan de Dios en Bogotá (Colombia)},
volume = {62},
year = {2017},
url = {https://doi.org/10.7440/res62.2017.10},
}

@book{Deleuze1985,
  author = {Gilles Deleuze},
  title = {La imagen-tiempo Estudios sobre cine 2},
  publisher = {Editorial Paidós},
  year = {1985}
}

@book{DidiHuberman2011,
  author = {Georges Didi-Huberman},
  title = {Ante el tiempo. Historia del arte y anacronismo de las imágenes},
  publisher = {Adriana Hidalgo editora},
  year = {2011}
}

@incollection{Dieguez2013,
  author = {Ileana Diéguez},
  title = {Los cuerpos de la violencia y su representación en el arte},
  booktitle = {Cuerpos sin duelo. Iconografías y teatralidades del dolor},
  year = {2013}
}

@misc{ERU,
  author = {Empresa de Renovación y Desarrollo Urbano de Bogotá},
  title = {Complejo Hospitalario San Juan de Dios | Empresa de Renovación y Desarrollo Urbano de Bogotá},
  year = {n.d.},
  note = {Recuperado el 17 de febrero de 2022},
  url = {http://www.eru.gov.co/index.php/es/proyectos/complejo-hospitalario-san-juan-de-dios}
}

@article{Fajardo1994,
  author = {Hernán Fajardo},
  title = {Breve historia del Hospital San Juan de Dios y la educación médica en la Universidad Nacional de Colombia},
  journal = {Revista de la Facultad de Medicina de la Universidad Nacional de Colombia},
  volume = {42},
  number = {3},
  pages = {166--169},
  year = {1994}
}

@article{Gomez2013,
  author = {Juan Carlos Gómez},
  title = {En los muros del Palacio: Pedro Nel Gómez en el imaginario social en Medellín, 1930-1950},
  journal = {Revista de Historia Regional y Local},
  volume = {5},
  number = {10},
  pages = {53--91},
  year = {2013}
}

@book{Gongora2013,
  author = {Amparo Góngora and Santiago Fergusson and Rubén Borja and Marisol Castro and Elizabeth Arias},
  title = {El San Juan Muere de Pie: la vida social de un hospital y la construcción de una causa},
  year = {2013}
}

@book{Grigoriadou2011,
  author = {Elena Grigoriadou},
  title = {Walter Benjamin. La dialéctica de la imagen fotográfica},
  year = {2011}
}

@article{Guasch2005,
  author = {Anna Maria Guasch},
  title = {Los lugares de la memoria: El arte de archivar y recordar},
  journal = {Raco, Revistes Catalanes Amb Accés Obert},
  pages = {157--183},
  year = {2005}
}

@book{Guasch2011,
  author = {Anna Maria Guasch},
  title = {Arte y Archivo, 1920-2010. Genealogías, Tipologías y Discontinuidades},
  publisher = {Akal/Arte Contemporáneo},
  year = {2011}
}

@book{Hemelryck2011,
   author = {Nicolás Hemelryck},
   city = {Bogotá},
   publisher = {Embajada Suiza en Colombia},
   title = {San Juan sin Dios},
   url = {https://issuu.com/nicolasvanh/docs/sanjuansindios-libro},
   year = {2011},
}

@misc{IDARTES2015,
  author = {Instituto Distrital de las Artes - IDARTES},
  title = {Programación Cumbre Mundial de Arte y Cultura para la Paz de Colombia},
  year = {2015},
  url = {https://issuu.com/idartes/docs/programaci__n_cumbre_arte_cultura_i},
  note = {Published on Mar 25, 2015}
}

@misc{IDPCSanJuanDeDios, % key renombrada (antes IDPC_SanJuanDeDios)
  author = {{Instituto Distrital de Patrimonio Cultural}},
  title = {En el corazón del San Juan de Dios},
  year = {2023},
  url = {https://idpc.gov.co/sanjuandedios/},
  note = {Accessed: 2023-12-10}
}

@thesis{Jaramillo2016,
  author = {Paula Jaramillo Uribe},
  title = {MNEMOSINE: ejercicio de memoria histórica y cultural a través del fortalecimiento del Instituto Materno Infantil y su rearticulación con el Conjunto Hospitalario San Juan de Dios en Bogotá},
  school = {Pontificia Universidad Javeriana},
  year = {2016},
  url = {https://repository.javeriana.edu.co/handle/10554/20233}
}

@book{Leavy2018,
  author = {Patricia Leavy},
  title = {Handbook of Arts-Based Research},
  editor = {Patricia Leavy},
  publisher = {The Guilford Press},
  year = {2018},
  url = {https://www.guilford.com/books/Handbook-of-Arts-Based-Research/Patricia-Leavy/9781462521951/contents}
}

@book{Manovich2005,
  author = {Lev Manovich},
  title = {El lenguaje de los nuevos medios de comunicación: la imagen en la nueva era digital},
  publisher = {Paidós},
  year = {2005}
}

@book{Mitchell2005,
  title = {¿Qué quieren realmente las imágenes?},
  author = {W.J.T. Mitchell},
  translator = {Javier Fresneda},
  note = {Todos los textos han sido traducidos del inglés. Texto original publicado en MITCHELL, W. J. T.; October, Vol. 77 (Verano 1996), pp. 71-82.},
  isbn = {978-607-9216-11-5}
}

@misc{Montejo2003,
  author = {Fernando Montejo},
  title = {El Hospital San Juan de Dios de Bogotá, su cierre y la vida de una de sus trabajadoras},
  booktitle = {Diálogos, propuestas, historias para una ciudadanía mundial},
  year = {2003},
  url = {http://base.d-p-h.info/es/fiches/premierdph/fiche-premierdph-6482.html}
}

@misc{Musa2021,
  title = {Musa paradisíaca: Museo de Memoria de Colombia},
  year = {2021},
  url = {https://museodememoria.gov.co/arte-y-cultura/musa-paradisiaca/}
}

@article{Neira2017,
  author = {Diana Neira and Edwin Rey and Sandra Caicedo},
  title = {Parque de la Salud San Juan de Dios Centro de investigación de enfermedades tropicales},
  journal = {IM-Pertinente},
  volume = {3},
  number = {1},
  pages = {91--111},
  year = {2017},
  url = {https://repository.ucatolica.edu.co/handle/10983/14588}
}

@article{Orlando2015,
  author = {Daniel Orlando, Edwin Rey, and Sandra Caicedo},
  title = {Hospital San Juan de Dios: fenómeno de resistencia urbana},
  journal = {IM-Pertinente},
  volume = {3},
  number = {1},
  pages = {91--111},
  year = {2015},
  url = {https://revistas.lasalle.edu.co/index.php/im/article/view/4442}
}

@misc{Perez2010,
  author = {Felipe Pérez and Susan Buck-Morss},
  title = {Pensar con imágenes: Susan Buck-Morss},
  year = {2010},
  url = {http://www.letrasenlinea.cl/?p=530}
}

@article{Romero1994,
  author = {Martha C. Romero Isaza, Margarita Zambrano Caicedo, and María C. Cárdenas},
  title = {Historia del Hospital San Juan de Dios de Bogotá},
  journal = {Revista de la Facultad de Medicina de la Universidad Nacional de Colombia},
  volume = {42},
  number = {3},
  pages = {166--169},
  year = {1994},
  url = {https://issuu.com/patrimoniobogota/docs/hospital_san_juan_de_dios_/3}
}

@article{Rothenberg2002,
  author = {Jacob Rothenberg},
  title = {Art after 9/11: Boom, bust, and the re-emergence of the political?},
  journal = {Radical Society},
  volume = {29},
  number = {3},
  pages = {17--19},
  year = {2002},
  url = {http://ezproxy.unal.edu.co/scholarly-journals/art-after-9-11-boom-bust-re-emergence-political/docview/218963615/se-2}
}

@book{Trejos2013,
  author = {Sandra Trejos and Luis Díaz},
  title = {A la deriva},
  publisher = {Universidad del Rosario},
  year = {2013}
}

@misc{VegaArevalo2017,
  author = {Vega Arévalo, Cristian Camilo},
  title = {Del trozo a la supervivencia las transformaciones de las nociones de historia del arte y de imagen en Georges Didi-Huberman},
  year = {2017},
  abstract = {En el presente trabajo, hicimos un rastreo por tres de las principales obras de George Didi-Huberman: Ante la imagen, Ante el tiempo y La imagen supervivente. Rastreamos las variaciones de las concepciones de historia del arte e imagen, viendo cómo se complejizaban a lo largo de las tres obras y formulaban la propuesta del franc��s de pensar la imagen desde un conocimiento sobredeterminado.},
  url = {http://hdl.handle.net/10554/38465}
}

@book{Warburg2010,
  author = {Aby Warburg and Juan Chamorro Mielke},
  title = {Atlas Mnemosyne},
  publisher = {Akal},
  year = {2010}
}

@book{Zalamea2008,
  author = {Fernando Zalamea Traba},
  title = {Por una re-visión de la mirada creativa: Imágenes, saber y continuidad en Warburg, Florenski, Auerbach, Merleau-Ponty},
  publisher = {Universidad Nacional de Colombia, Facultad de Artes, Biblioteca Banco de la República},
  year = {2008}
}
