@online{lauradiaz2016,
  title        = {A la deriva},
  author       = {Laura Díaz},
  year         = {2016},
  month        = {mayo},
  url          = {https://www.youtube.com/watch?v=pItpIUMvSi4},
  note         = {Duración: 63m 0s}
}

@online{YoutubeYYYY,
  title        = {Alcalde anuncia que el San Juan será reabierto en tres fases.mp4},
  author       = {Youtube},
  year         = {YYYY},
  month        = {month},
  url          = {https://www.youtube.com/watch?v=ID-CODE},
  note         = {Duración: 0m 39s}
}

@online{YoutubeYYYY,
  title        = {Alcalde Gustavo Petro Urrego, verifica avance de obras del Hospital San Juan de Dios.mp4},
  author       = {Youtube},
  year         = {YYYY},
  month        = {month},
  url          = {https://www.youtube.com/watch?v=ID-CODE},
  note         = {Duración: 25m 37s}
}

@online{YoutubeYYYY,
  title        = {Alcalde ordenó expropiar predios del San Juan de Dios.mp4},
  author       = {Youtube},
  year         = {YYYY},
  month        = {month},
  url          = {https://www.youtube.com/watch?v=ID-CODE},
  note         = {Duración: 2m 1s}
}

@online{YoutubeYYYY,
  title        = {Almas en Pena-Hospital San Juan de Dios.mp4},
  author       = {Youtube},
  year         = {YYYY},
  month        = {month},
  url          = {https://www.youtube.com/watch?v=ID-CODE},
  note         = {Duración: 17m 1s}
}

@online{YoutubeYYYY,
  title        = {Apertura del Complejo Hospitalario San Juan de Dios es un hecho.mp4},
  author       = {Youtube},
  year         = {YYYY},
  month        = {month},
  url          = {https://www.youtube.com/watch?v=ID-CODE},
  note         = {Duración: 0m 33s}
}

@online{YoutubeYYYY,
  title        = {Campaña Voluntarios del Hospital San Juan de Dios - Bogotá (Colombia).mp4},
  author       = {Youtube},
  year         = {YYYY},
  month        = {month},
  url          = {https://www.youtube.com/watch?v=ID-CODE},
  note         = {Duración: 4m 2s}
}

@online{YoutubeYYYY,
  title        = {Capítulo 328  Compra del Hospital San Juan de Dios.mp4},
  author       = {Youtube},
  year         = {YYYY},
  month        = {month},
  url          = {https://www.youtube.com/watch?v=ID-CODE},
  note         = {Duración: 27m 15s}
}

@online{YoutubeYYYY,
  title        = {Citytv  Empleados de la San Juan de Dios dicen no a expropiación.mp4},
  author       = {Youtube},
  year         = {YYYY},
  month        = {month},
  url          = {https://www.youtube.com/watch?v=ID-CODE},
  note         = {Duración: 1m 31s}
}

@online{YoutubeYYYY,
  title        = {CM& la noticia recorrió el Hospital San Juan de Dios.mp4},
  author       = {Youtube},
  year         = {YYYY},
  month        = {month},
  url          = {https://www.youtube.com/watch?v=ID-CODE},
  note         = {Duración: 1m 19s}
}

@online{YoutubeYYYY,
  title        = {Conozca avances en jardín infantil del San Juan de Dios.mp4},
  author       = {Youtube},
  year         = {YYYY},
  month        = {month},
  url          = {https://www.youtube.com/watch?v=ID-CODE},
  note         = {Duración: 2m 9s}
}

@online{YoutubeYYYY,
  title        = {Crónica Hospital San Juan de Dios.mov.mp4},
  author       = {Youtube},
  year         = {YYYY},
  month        = {month},
  url          = {https://www.youtube.com/watch?v=ID-CODE},
  note         = {Duración: 4m 30s}
}

@online{YoutubeYYYY,
  title        = {Crónicas Urbanas - Hospital -San Juan de Dios- 2-3.mp4},
  author       = {Youtube},
  year         = {YYYY},
  month        = {month},
  url          = {https://www.youtube.com/watch?v=ID-CODE},
  note         = {Duración: 8m 9s}
}

@online{YoutubeYYYY,
  title        = {Crónicas Urbanas - Hospital -San Juan de Dios- 3-3.mp4},
  author       = {Youtube},
  year         = {YYYY},
  month        = {month},
  url          = {https://www.youtube.com/watch?v=ID-CODE},
  note         = {Duración: 10m 0s}
}

@online{YoutubeYYYY,
  title        = {Crónicas Urbanas - Hospital  San Juan de Dios 1 de 3.mp4},
  author       = {Youtube},
  year         = {YYYY},
  month        = {month},
  url          = {https://www.youtube.com/watch?v=ID-CODE},
  note         = {Duración: 15m 9s}
}

@online{YoutubeYYYY,
  title        = {Después de 15 años, el San Juan de Dios abre sus puertas.mp4},
  author       = {Youtube},
  year         = {YYYY},
  month        = {month},
  url          = {https://www.youtube.com/watch?v=ID-CODE},
  note         = {Duración: 2m 1s}
}

@online{YoutubeYYYY,
  title        = {Denuncias de las Enfermeras del San Juan de Dios, y las falsas acusaciones contra Iván Cepeda..mp4},
  author       = {Youtube},
  year         = {YYYY},
  month        = {month},
  url          = {https://www.youtube.com/watch?v=ID-CODE},
  note         = {Duración: 61m 4s}
}

@online{YoutubeYYYY,
  title        = {El alcalde Gustavo Petro ordenó expropiar el hospital San Juan de Dios.mp4},
  author       = {Youtube},
  year         = {YYYY},
  month        = {month},
  url          = {https://www.youtube.com/watch?v=ID-CODE},
  note         = {Duración: 3m 3s}
}

@online{YoutubeYYYY,
  title        = {El Estado de lo que fue el Hospital San Juan de Dios.mp4},
  author       = {Youtube},
  year         = {YYYY},
  month        = {month},
  url          = {https://www.youtube.com/watch?v=ID-CODE},
  note         = {Duración: 11m 35s}
}

@online{YoutubeYYYY,
  title        = {El Hospital San Juan de Dios de Bogotá, 2008.mp4},
  author       = {Youtube},
  year         = {YYYY},
  month        = {month},
  url          = {https://www.youtube.com/watch?v=ID-CODE},
  note         = {Duración: 9m 26s}
}

@online{YoutubeYYYY,
  title        = {El Hospital San Juan de Dios será el cerebro de la salud en Colombia  Gustavo Petro.mp4},
  author       = {Youtube},
  year         = {YYYY},
  month        = {month},
  url          = {https://www.youtube.com/watch?v=ID-CODE},
  note         = {Duración: 7m 32s}
}

@online{YoutubeYYYY,
  title        = {El Renacer del San Juan de Dios, la salud florece en Bogotá.mp4},
  author       = {Youtube},
  year         = {YYYY},
  month        = {month},
  url          = {https://www.youtube.com/watch?v=ID-CODE},
  note         = {Duración: 3m 59s}
}

@online{YoutubeYYYY,
  title        = {El rescate del San Juan de Dios , especial Noticias Capital.mp4},
  author       = {Youtube},
  year         = {YYYY},
  month        = {month},
  url          = {https://www.youtube.com/watch?v=ID-CODE},
  note         = {Duración: 51m 14s}
}

@online{YoutubeYYYY,
  title        = {Entre Ruinas y Sombras.mp4},
  author       = {Youtube},
  year         = {YYYY},
  month        = {month},
  url          = {https://www.youtube.com/watch?v=ID-CODE},
  note         = {Duración: 10m 22s}
}

@online{YoutubeYYYY,
  title        = {Exposicion_San_Juan_de_Dios.mp4},
  author       = {Youtube},
  year         = {YYYY},
  month        = {month},
  url          = {https://www.youtube.com/watch?v=ID-CODE},
  note         = {Duración: 2m 34s}
}

@online{YoutubeYYYY,
  title        = {Gustavo Petro, entrega hospital San Juan de Dios.mp4},
  author       = {Youtube},
  year         = {YYYY},
  month        = {month},
  url          = {https://www.youtube.com/watch?v=ID-CODE},
  note         = {Duración: 5m 15s}
}

@online{YoutubeYYYY,
  title        = {Hagamos Memoria  Especiales Hospital San Juan de Dios e IMI de Canal Capital.mp4},
  author       = {Youtube},
  year         = {YYYY},
  month        = {month},
  url          = {https://www.youtube.com/watch?v=ID-CODE},
  note         = {Duración: 53m 57s}
}

@online{YoutubeYYYY,
  title        = {Hospital San Juan de Dios abre sus puertas al futuro.mp4},
  author       = {Youtube},
  year         = {YYYY},
  month        = {month},
  url          = {https://www.youtube.com/watch?v=ID-CODE},
  note         = {Duración: 4m 4s}
}

@online{YoutubeYYYY,
  title        = {Hospital San Juan de Dios Performance Visibilizando San Juan.mp4},
  author       = {Youtube},
  year         = {YYYY},
  month        = {month},
  url          = {https://www.youtube.com/watch?v=ID-CODE},
  note         = {Duración: 7m 8s}
}

@online{YoutubeYYYY,
  title        = {HOY 2013 CASA DE LOS FANTASMAS HOSPITAL SAN JUAN DE DIOS BOGOTA.mp4},
  author       = {Youtube},
  year         = {YYYY},
  month        = {month},
  url          = {https://www.youtube.com/watch?v=ID-CODE},
  note         = {Duración: 19m 49s}
}

@online{YoutubeYYYY,
  title        = {Imágenes fascinantes del San Juan de Dios.mp4},
  author       = {Youtube},
  year         = {YYYY},
  month        = {month},
  url          = {https://www.youtube.com/watch?v=ID-CODE},
  note         = {Duración: 0m 50s}
}

@online{YoutubeYYYY,
  title        = {IN MEMORY Hospital san Juan de Dios.mp4},
  author       = {Youtube},
  year         = {YYYY},
  month        = {month},
  url          = {https://www.youtube.com/watch?v=ID-CODE},
  note         = {Duración: 2m 11s}
}

@online{YoutubeYYYY,
  title        = {INFORME HOSPITAL SAN JUAN DE DIOS.mp4},
  author       = {Youtube},
  year         = {YYYY},
  month        = {month},
  url          = {https://www.youtube.com/watch?v=ID-CODE},
  note         = {Duración: 1m 43s}
}

@online{YoutubeYYYY,
  title        = {La apertura del San Juan de Dios es una orden del Consejo de Estado  Alcalde Petro.mp4},
  author       = {Youtube},
  year         = {YYYY},
  month        = {month},
  url          = {https://www.youtube.com/watch?v=ID-CODE},
  note         = {Duración: 28m 47s}
}

@online{YoutubeYYYY,
  title        = {Lo Que Queda del Hospital San Juan de Dios 2 Parte.mp4},
  author       = {Youtube},
  year         = {YYYY},
  month        = {month},
  url          = {https://www.youtube.com/watch?v=ID-CODE},
  note         = {Duración: 12m 13s}
}

@online{YoutubeYYYY,
  title        = {Lugares del olvido, hospital San Juan de Dios Bogotá..mp4},
  author       = {Youtube},
  year         = {YYYY},
  month        = {month},
  url          = {https://www.youtube.com/watch?v=ID-CODE},
  note         = {Duración: 5m 22s}
}

@online{YoutubeYYYY,
  title        = {Luisa Fernanda Vela - Gentes del Umbral - Colombia - PerfoArtNet.mp4},
  author       = {Youtube},
  year         = {YYYY},
  month        = {month},
  url          = {https://www.youtube.com/watch?v=ID-CODE},
  note         = {Duración: 25m 40s}
}

@online{YoutubeYYYY,
  title        = {María Elvira Escallón denuncia con arte el vacío de un hospital sin pacientes.mp4},
  author       = {Youtube},
  year         = {YYYY},
  month        = {month},
  url          = {https://www.youtube.com/watch?v=ID-CODE},
  note         = {Duración: 3m 1s}
}

@online{YoutubeYYYY,
  title        = {Palabras del Alcalde Petro en reapertura del Hospital San Juan de Dios.mp4},
  author       = {Youtube},
  year         = {YYYY},
  month        = {month},
  url          = {https://www.youtube.com/watch?v=ID-CODE},
  note         = {Duración: 3m 32s}
}

@online{YoutubeYYYY,
  title        = {Palabras del Presidente Santos en el acto de recuperación del Hospital San Juan de Dios.mp4},
  author       = {Youtube},
  year         = {YYYY},
  month        = {month},
  url          = {https://www.youtube.com/watch?v=ID-CODE},
  note         = {Duración: 15m 53s}
}

@online{YoutubeYYYY,
  title        = {Petro decreta expropiación del San Juan de Dios.mp4},
  author       = {Youtube},
  year         = {YYYY},
  month        = {month},
  url          = {https://www.youtube.com/watch?v=ID-CODE},
  note         = {Duración: 1m 16s}
}

@online{YoutubeYYYY,
  title        = {Presidente Santos y alcalde Petro analizan situación del Hospital San Juan de Dios.mp4},
  author       = {Youtube},
  year         = {YYYY},
  month        = {month},
  url          = {https://www.youtube.com/watch?v=ID-CODE},
  note         = {Duración: 1m 26s}
}

@online{YoutubeYYYY,
  title        = {Promo Hortua_Inhospitalario_un_performance_por_David_Lozano.mp4},
  author       = {Youtube},
  year         = {YYYY},
  month        = {month},
  url          = {https://www.youtube.com/watch?v=ID-CODE},
  note         = {Duración: 0m 50s}
}

@online{YoutubeYYYY,
  title        = {Reabierto el Hospital San Juan de Dios.mp4},
  author       = {Youtube},
  year         = {YYYY},
  month        = {month},
  url          = {https://www.youtube.com/watch?v=ID-CODE},
  note         = {Duración: 0m 56s}
}

@online{YoutubeYYYY,
  title        = {Reapertura del Hospital San Juan de Dios ¿habrá una segunda vida.mp4},
  author       = {Youtube},
  year         = {YYYY},
  month        = {month},
  url          = {https://www.youtube.com/watch?v=ID-CODE},
  note         = {Duración: 9m 48s}
}

@online{YoutubeYYYY,
  title        = {San Juan de Dios fue reabierto después de 13 años.mp4},
  author       = {Youtube},
  year         = {YYYY},
  month        = {month},
  url          = {https://www.youtube.com/watch?v=ID-CODE},
  note         = {Duración: 2m 7s}
}

@online{YoutubeYYYY,
  title        = {San Juan de Dios ya es propiedad del Distrito.mp4},
  author       = {Youtube},
  year         = {YYYY},
  month        = {month},
  url          = {https://www.youtube.com/watch?v=ID-CODE},
  note         = {Duración: 1m 38s}
}

@online{YoutubeYYYY,
  title        = {Segunda mesa de concurrencia Hospital San Juan de Dios - Rueda de prensa Gustavo Petro.mp4},
  author       = {Youtube},
  year         = {YYYY},
  month        = {month},
  url          = {https://www.youtube.com/watch?v=ID-CODE},
  note         = {Duración: 11m 36s}
}

@online{YoutubeYYYY,
  title        = {Sobrevivirá el San Juan de Dios Informe Especial Citytv.mp4},
  author       = {Youtube},
  year         = {YYYY},
  month        = {month},
  url          = {https://www.youtube.com/watch?v=ID-CODE},
  note         = {Duración: 13m 38s}
}

@online{YoutubeYYYY,
  title        = {Te_imaginabas_que_el_hospital_San_Juan_de_Dios_abriria_.mp4},
  author       = {Youtube},
  year         = {YYYY},
  month        = {month},
  url          = {https://www.youtube.com/watch?v=ID-CODE},
  note         = {Duración: 0m 56s}
}

@online{YoutubeYYYY,
  title        = {Trabajadores del San Juan de Dios e IMI exigen sus derechos y exigen se cumplan las sentencias..mp4},
  author       = {Youtube},
  year         = {YYYY},
  month        = {month},
  url          = {https://www.youtube.com/watch?v=ID-CODE},
  note         = {Duración: 36m 7s}
}

@online{YoutubeYYYY,
  title        = {Trailer - La intimidad de los pasivos - Historias de resistencia en el San Juan Dios.mp4},
  author       = {Youtube},
  year         = {YYYY},
  month        = {month},
  url          = {https://www.youtube.com/watch?v=ID-CODE},
  note         = {Duración: 1m 58s}
}

